@inproceedings{biehl2000differential,
  title={Differential fault attacks on elliptic curve cryptosystems},
  author={Biehl, Ingrid and Meyer, Bernd and M{\"u}ller, Volker},
  booktitle={Advances in Cryptology â€” CRYPTO 2000},
  pages={131--146},
  year={2000},
  organization={Springer}
}

@article{genkin2013rsa,
  title={RSA Key Extraction via Low-Bandwidth Acoustic Cryptanalysis},
  author={Genkin, Daniel and Shamir, Adi and Tromer, Eran},
  year={2013}
}

@book{cohen2010handbook,
  title={Handbook of elliptic and hyperelliptic curve cryptography},
  author={Cohen, Henri and Frey, Gerhard and Avanzi, Roberto and Doche, Christophe and Lange, Tanja and Nguyen, Kim and Vercauteren, Frederik},
  year={2010},
  publisher={CRC press}
}

@inproceedings{giraud2004survey,
  title={A Survey on Fault Attacks.},
  author={Giraud, Christophe and Thiebeauld, Hugues},
  booktitle={CARDIS},
  pages={159--176},
  year={2004},
  organization={Springer}
}

@article{bar2006sorcerer,
  title={The sorcerer's apprentice guide to fault attacks},
  author={Bar-El, Hagai and Choukri, Hamid and Naccache, David and Tunstall, Michael and Whelan, Claire},
  journal={Proceedings of the IEEE},
  volume={94},
  number={2},
  pages={370--382},
  year={2006},
  publisher={IEEE}
}

@article{rodriguezelliptic,
    title={Elliptic Curve Scalar Multiplication using Point Halving on Reconfigurable Hardware Platforms},
    author={Rodr{\i}guez, Sabel Mercurio Hern{\'a}ndez and Rodr{\i}guez-Henr{\i}quez, Francisco}
}
